<?xml version="1.0" encoding="UTF-8"?><collection xmlns="http://www.loc.gov/MARC21/slim"><record><leader>00393nam--2200133-i-4500</leader><controlfield tag="001">000044937</controlfield><controlfield tag="002">20161230</controlfield><controlfield tag="005">20161230201044</controlfield><controlfield tag="008">060222s1000------------r-----000-0-eng-d</controlfield><datafield ind1=" " ind2=" " tag="080"><subfield code="a">016:5</subfield></datafield><datafield ind1=" " ind2=" " tag="245"><subfield code="a">Title list of available literature. yechnical information reference room</subfield></datafield><datafield ind1=" " ind2=" " tag="260"><subfield code="a">Bucharest, Division Of Technical Information, 1969, 55p</subfield></datafield><datafield ind1=" " ind2=" " tag="490"><subfield code="a">Atom`S In Action 1969</subfield></datafield><datafield ind1=" " ind2=" " tag="852"><subfield code="a">D.1294</subfield></datafield></record></collection>